<?xml version="1.0" encoding="UTF-8"?><collection xmlns="http://www.loc.gov/MARC21/slim"><record><leader>00571nam--2200205-i-4500</leader><controlfield tag="001">000004845</controlfield><controlfield tag="002">20161230</controlfield><controlfield tag="005">20161230201026</controlfield><controlfield tag="008">060222s1000------------r-----000-0-fre-d</controlfield><datafield ind1=" " ind2=" " tag="040"><subfield code="a">IFIN-HH</subfield></datafield><datafield ind1=" " ind2=" " tag="041"><subfield code="a">fre</subfield></datafield><datafield ind1=" " ind2=" " tag="080"><subfield code="a">519.24</subfield></datafield><datafield ind1="1" ind2=" " tag="100"><subfield code="a">Dugue, Daniel</subfield></datafield><datafield ind1="1" ind2="0" tag="245"><subfield code="a">Analyse de variance et plans d'experience</subfield><subfield code="c">Daniel dugue, maurice girault</subfield></datafield><datafield ind1=" " ind2=" " tag="260"><subfield code="a">Paris</subfield><subfield code="b">Dunod</subfield><subfield code="c">1959</subfield></datafield><datafield ind1=" " ind2=" " tag="300"><subfield code="a">XIII+68P.CU FIG</subfield></datafield><datafield ind1=" " ind2=" " tag="490"><subfield code="a">Probabilites, Statistique, Recherche Operationnelle</subfield></datafield><datafield ind1="1" ind2=" " tag="700"><subfield code="a">Girault, Maurice</subfield></datafield><datafield ind1=" " ind2=" " tag="852"><subfield code="a">14844</subfield><subfield code="c">519.24</subfield></datafield><datafield ind1=" " ind2=" " tag="CAT"><subfield code="a">Sys</subfield><subfield code="c">20130802</subfield><subfield code="h">103639</subfield></datafield></record></collection>